
% --- GRB astrophysics & Rates

@ARTICLE{ade_prospects,
   author = {{LIGO Scientific Collaboration} and {Virgo Collaboration}},
    title = "{Prospects for Localization of Gravitational Wave Transients by the Advanced LIGO and Advanced Virgo Observatories}",
  journal = {ArXiv e-prints},
archivePrefix = "arXiv",
   eprint = {1304.0670},
 primaryClass = "gr-qc",
 keywords = {General Relativity and Quantum Cosmology, Astrophysics - High Energy Astrophysical Phenomena},
     year = 2013,
    month = apr,
   adsurl = {http://adsabs.harvard.edu/abs/2013arXiv1304.0670L},
  adsnote = {Provided by the SAO/NASA Astrophysics Data System}
}
@article{rates_paper,
  author = {{LIGO Scientific Collaboration} and {Virgo Collaboration}},
  title={Predictions for the rates of compact binary coalescences observable by ground-based gravitational-wave detectors},
  journal={Classical and Quantum Gravity},
  volume={27},
  number={17},
  pages={173001},
  url={http://stacks.iop.org/0264-9381/27/i=17/a=173001},
  year={2010},
}

@article{nakar-2007,
 author = {Ehud Nakar},
 title = {Short-Hard Gamma-Ray Bursts},
 journal = "Physics Reports",
 volume = "442",
 pages = "166",
 year = {2007}
}

@article{Dietz11,
	eprint = {0802.0874},
	author = {Dietz, A.},
	title = {Estimation of compact binary coalescense rates from short gamma-ray burst redshift measurements},
	journal = {Astron. Astrophys.},
	volume = {529},
	pages = {A97},
	year = {2011},
	tags = "GRB population"
}

% --- Statistics / GW interpretation
@ARTICLE{2012PhRvD..85l2006A,
   author = {{Allen}, B. and {Anderson}, W.~G. and {Brady}, P.~R. and {Brown}, D.~A. and 
    {Creighton}, J.~D.~E.},
    title = "{FINDCHIRP: An algorithm for detection of gravitational waves from inspiraling compact binaries}",
  journal = {\prd},
   eprint = {gr-qc/0509116},
 keywords = {Measurement and error theory, Gravitational wave detectors and experiments},
     year = 2012,
    month = jun,
   volume = 85,
   number = 12,
      eid = {122006},
    pages = {122006},
      doi = {10.1103/PhysRevD.85.122006},
   adsurl = {http://adsabs.harvard.edu/abs/2012PhRvD..85l2006A},
  adsnote = {Provided by the SAO/NASA Astrophysics Data System}
}


@article{Biswas09,
	eprint = {gr-qc/0308069)},
	author = {Biswas, R. and Brady, P. R. and Creighton, J. D. E. and Fairhurst, S.},
	title = {The loudest event statistic: general formulation, properties and applications},
	journal = {Class. Quantum Grav.},
	volume = {26},
	pages = {175009},
	year = {2009},
	doi = {10.1088/0264-9381/26/17/175009},
	tags = "GW search method"
}

@article{BradyFairhurst08,
    author = {{Brady}, P.~R. and {Fairhurst}, S.},
    title = "{Interpreting the results of searches for gravitational
        waves from coalescing binaries}",
journal = {Classical and Quantum Gravity},
archivePrefix = "arXiv",
eprint = {0707.2410},
primaryClass = "gr-qc",
year = 2008,
month = may,
volume = 25,
number = 10,
eid = {105002},
pages = {105002},
doi = {10.1088/0264-9381/25/10/105002},
adsurl =
{http://adsabs.harvard.edu/abs/2008CQGra..25j5002B},
adsnote = {Provided by the SAO/NASA
    Astrophysics Data System}
    }

% --- Past GW searches
@article{s6lowmass}
    title = {Search for gravitational waves from low mass compact binary
        coalescence in LIGO's sixth science run and Virgo's science runs 2 and
            3},
    author = {Abadie, J. and Abbott, B. P. and Abbott, R. and Abbott, T. D.
        and Abernathy, M. and Accadia, T. and Acernese, F. and Adams, C. and
            Adhikari, R. and Affeldt, C. and Agathos, M. and Ajith, P. and
            Allen, B. and Allen, G. S. and Amador Ceron, E. and Amariutei,
        D. and Amin, R. S. and Anderson, S. B. and Anderson, W. G. and Arai,
        K. and Arain, M. A. and Araya, M. C. and Aston, S. M. and Astone, P.
            and Atkinson, D. and Aufmuth, P. and Aulbert, C. and Aylott, B.
            E. and Babak, S. and Baker, P. and Ballardin, G. and Ballmer, S.
            and Barker, D. and Barone, F. and Barr, B. and Barriga, P. and
            Barsotti, L. and Barsuglia, M. and Barton, M. A. and Bartos, I.
            and Bassiri, R. and Bastarrika, M. and Basti, A. and Batch, J.
            and Bauchrowitz, J. and Bauer, Th. S. and Bebronne, M. and
            Behnke, B. and Beker, M. G. and Bell, A. S. and Belletoile, A.
            and Belopolski, I. and Benacquista, M. and Berliner, J. M. and
            Bertolini, A. and Betzwieser, J. and Beveridge, N. and
            Beyersdorf, P. T. and Bilenko, I. A. and Billingsley, G. and
            Birch, J. and Biswas, R. and Bitossi, M. and Bizouard, M. A. and
            Black, E. and Blackburn, J. K. and Blackburn, L. and Blair, D.
            and Bland, B. and Blom, M. and Bock, O. and Bodiya, T. P. and
            Bogan, C. and Bondarescu, R. and Bondu, F. and Bonelli, L. and
            Bonnand, R. and Bork, R. and Born, M. and Boschi, V. and Bose,
        S. and Bosi, L. and Bouhou, B. and Braccini, S. and Bradaschia, C.
            and Brady, P. R. and Braginsky, V. B. and Branchesi, M. and
            Brau, J. E. and Breyer, J. and Briant, T. and Bridges, D. O. and
            Brillet, A. and Brinkmann, M. and Brisson, V. and Britzger, M.
            and Brooks, A. F. and Brown, D. A. and Brummit, A. and Bulik, T.
            and Bulten, H. J. and Buonanno, A. and Burguet\char21{}Castell,
        J. and Burmeister, O. and Buskulic, D. and Buy, C. and Byer, R. L.
            and Cadonati, L. and Cagnoli, G. and Calloni, E. and Camp, J. B.
            and Campsie, P. and Cannizzo, J. and Cannon, K. and Canuel, B.
            and Cao, J. and Capano, C. D. and Carbognani, F. and Caride, S.
            and Caudill, S. and Cavagli\`a, M. and Cavalier, F. and
            Cavalieri, R. and Cella, G. and Cepeda, C. and Cesarini, E. and
            Chaibi, O. and Chalermsongsak, T. and Chalkley, E. and Charlton,
        P. and Chassande-Mottin, E. and Chelkowski, S. and Chen, Y. and
            Chincarini, A. and Chiummo, A. and Cho, H. and Christensen, N.
            and Chua, S. S. Y. and Chung, C. T. Y. and Chung, S. and Ciani,
        G. and Clara, F. and Clark, D. E. and Clark, J. and Clayton, J. H.
            and Cleva, F. and Coccia, E. and Cohadon, P.-F. and Colacino, C.
            N. and Colas, J. and Colla, A. and Colombini, M. and Conte, A.
            and Conte, R. and Cook, D. and Corbitt, T. R. and Cordier, M.
            and Cornish, N. and Corsi, A. and Costa, C. A. and Coughlin, M.
            and Coulon, J.-P. and Couvares, P. and Coward, D. M. and Coyne,
        D. C. and Creighton, J. D. E. and Creighton, T. D. and Cruise, A. M.
            and Cumming, A. and Cunningham, L. and Cuoco, E. and Cutler, R.
            M. and Dahl, K. and Danilishin, S. L. and Dannenberg, R. and
            D'Antonio, S. and Danzmann, K. and Dattilo, V. and Daudert, B.
            and Daveloza, H. and Davier, M. and Davies, G. and Daw, E. J.
            and Day, R. and Dayanga, T. and De Rosa, R. and DeBra, D. and
            Debreczeni, G. and Degallaix, J. and Del Pozzo, W. and del
            Prete, M. and Dent, T. and Dergachev, V. and DeRosa, R. and
            DeSalvo, R. and Dhurandhar, S. and Di Fiore, L. and Di Lieto, A.
            and Di Palma, I. and Di Paolo Emilio, M. and Di Virgilio, A. and
            D\'\iaz, M. and Dietz, A. and DiGuglielmo, J. and Donovan, F.
            and Dooley, K. L. and Dorsher, S. and Drago, M. and Drever, R.
            W. P. and Driggers, J. C. and Du, Z. and Dumas, J.-C. and Dwyer,
        S. and Eberle, T. and Edgar, M. and Edwards, M. and Effler, A. and
            Ehrens, P. and Endr\ifmmode \mbox{\H{o}}\else \H{o}\fi{}czi, G.
            and Engel, R. and Etzel, T. and Evans, K. and Evans, M. and
            Evans, T. and Factourovich, M. and Fafone, V. and Fairhurst, S.
            and Fan, Y. and Farr, B. F. and Farr, W. and Fazi, D. and
            Fehrmann, H. and Feldbaum, D. and Ferrante, I. and Fidecaro, F.
            and Finn, L. S. and Fiori, I. and Fisher, R. P. and Flaminio, R.
            and Flanigan, M. and Foley, S. and Forsi, E. and Forte, L. A.
            and Fotopoulos, N. and Fournier, J.-D. and Franc, J. and Frasca,
        S. and Frasconi, F. and Frede, M. and Frei, M. and Frei, Z. and
            Freise, A. and Frey, R. and Fricke, T. T. and Friedrich, D. and
            Fritschel, P. and Frolov, V. V. and Fulda, P. J. and Fyffe, M.
            and Galimberti, M. and Gammaitoni, L. and Ganija, M. R. and
            Garcia, J. and Garofoli, J. A. and Garufi, F. and G\'asp\'ar, M.
            E. and Gemme, G. and Geng, R. and Genin, E. and Gennai, A. and
            Gergely, L. \'A. and Ghosh, S. and Giaime, J. A. and Giampanis,
        S. and Giardina, K. D. and Giazotto, A. and Gill, C. and Goetz, E.
            and Goggin, L. M. and Gonz\'alez, G. and Gorodetsky, M. L. and
            Go\ss{}ler, S. and Gouaty, R. and Graef, C. and Granata, M. and
            Grant, A. and Gras, S. and Gray, C. and Gray, N. and Greenhalgh,
        R. J. S. and Gretarsson, A. M. and Greverie, C. and Grosso, R. and
            Grote, H. and Grunewald, S. and Guidi, G. M. and Guido, C. and
            Gupta, R. and Gustafson, E. K. and Gustafson, R. and Ha, T. and
            Hage, B. and Hallam, J. M. and Hammer, D. and Hammond, G. and
            Hanks, J. and Hanna, C. and Hanson, J. and Hardt, A. and Harms,
        J. and Harry, G. M. and Harry, I. W. and Harstad, E. D. and Hartman,
        M. T. and Haughian, K. and Hayama, K. and Hayau, J.-F. and Heefner,
        J. and Heidmann, A. and Heintze, M. C. and Heitmann, H. and Hello,
        P. and Hendry, M. A. and Heng, I. S. and Heptonstall, A. W. and
            Herrera, V. and Hewitson, M. and Hild, S. and Hoak, D. and
            Hodge, K. A. and Holt, K. and Hong, T. and Hooper, S. and
            Hosken, D. J. and Hough, J. and Howell, E. J. and Hughey, B. and
            Husa, S. and Huttner, S. H. and Huynh-Dinh, T. and Ingram, D. R.
            and Inta, R. and Isogai, T. and Ivanov, A. and Izumi, K. and
            Jacobson, M. and Jang, H. and Jaranowski, P. and Johnson, W. W.
            and Jones, D. I. and Jones, G. and Jones, R. and Ju, L. and
            Kalmus, P. and Kalogera, V. and Kamaretsos, I. and Kandhasamy,
        S. and Kang, G. and Kanner, J. B. and Katsavounidis, E. and Katzman,
        W. and Kaufer, H. and Kawabe, K. and Kawamura, S. and Kawazoe, F.
            and Kells, W. and Keppel, D. G. and Keresztes, Z. and
            Khalaidovski, A. and Khalili, F. Y. and Khazanov, E. A. and Kim,
        B. and Kim, C. and Kim, D. and Kim, H. and Kim, K. and Kim, N. and
            Kim, Y.-M. and King, P. J. and Kinsey, M. and Kinzel, D. L. and
            Kissel, J. S. and Klimenko, S. and Kokeyama, K. and Kondrashov,
        V. and Kopparapu, R. and Koranda, S. and Korth, W. Z. and Kowalska,
        I. and Kozak, D. and Kringel, V. and Krishnamurthy, S. and Krishnan,
        B. and Kr\'olak, A. and Kuehn, G. and Kumar, R. and Kwee, P. and
            Lam, P. K. and Landry, M. and Lang, M. and Lantz, B. and
            Lastzka, N. and Lawrie, C. and Lazzarini, A. and Leaci, P. and
            Lee, C. H. and Lee, H. M. and Leindecker, N. and Leong, J. R.
            and Leonor, I. and Leroy, N. and Letendre, N. and Li, J. and Li,
        T. G. F. and Liguori, N. and Lindquist, P. E. and Lockerbie, N. A.
            and Lodhia, D. and Lorenzini, M. and Loriette, V. and Lormand,
        M. and Losurdo, G. and Luan, J. and Lubinski, M. and L\"uck, H. and
            Lundgren, A. P. and Macdonald, E. and Machenschalk, B. and
            MacInnis, M. and Macleod, D. M. and Mageswaran, M. and Mailand,
        K. and Majorana, E. and Maksimovic, I. and Man, N. and Mandel, I.
            and Mandic, V. and Mantovani, M. and Marandi, A. and Marchesoni,
        F. and Marion, F. and M\'arka, S. and M\'arka, Z. and Markosyan, A.
            and Maros, E. and Marque, J. and Martelli, F. and Martin, I. W.
            and Martin, R. M. and Marx, J. N. and Mason, K. and Masserot, A.
            and Matichard, F. and Matone, L. and Matzner, R. A. and
            Mavalvala, N. and Mazzolo, G. and McCarthy, R. and McClelland,
        D. E. and McGuire, S. C. and McIntyre, G. and McIver, J. and
            McKechan, D. J. A. and Meadors, G. D. and Mehmet, M. and Meier,
        T. and Melatos, A. and Melissinos, A. C. and Mendell, G. and
            Menendez, D. and Mercer, R. A. and Meshkov, S. and Messenger, C.
            and Meyer, M. S. and Miao, H. and Michel, C. and Milano, L. and
            Miller, J. and Minenkov, Y. and Mitrofanov, V. P. and
            Mitselmakher, G. and Mittleman, R. and Miyakawa, O. and Moe, B.
            and Moesta, P. and Mohan, M. and Mohanty, S. D. and Mohapatra,
        S. R. P. and Moraru, D. and Moreno, G. and Morgado, N. and Morgia,
        A. and Mori, T. and Mosca, S. and Mossavi, K. and Mours, B. and
            Mow-Lowry, C. M. and Mueller, C. L. and Mueller, G. and
            Mukherjee, S. and Mullavey, A. and M\"uller-Ebhardt, H. and
            Munch, J. and Murphy, D. and Murray, P. G. and Mytidis, A. and
            Nash, T. and Naticchioni, L. and Nawrodt, R. and Necula, V. and
            Nelson, J. and Newton, G. and Nishizawa, A. and Nocera, F. and
            Nolting, D. and Nuttall, L. and Ochsner, E. and O'Dell, J. and
            Oelker, E. and Ogin, G. H. and Oh, J. J. and Oh, S. H. and
            Oldenburg, R. G. and O'Reilly, B. and O'Shaughnessy, R. and
            Osthelder, C. and Ott, C. D. and Ottaway, D. J. and Ottens, R.
            S. and Overmier, H. and Owen, B. J. and Page, A. and Pagliaroli,
        G. and Palladino, L. and Palomba, C. and Pan, Y. and Pankow, C. and
            Paoletti, F. and Papa, M. A. and Parisi, M. and Pasqualetti, A.
            and Passaquieti, R. and Passuello, D. and Patel, P. and Pedraza,
        M. and Peiris, P. and Pekowsky, L. and Penn, S. and Peralta, C. and
            Perreca, A. and Persichetti, G. and Phelps, M. and Pickenpack,
        M. and Piergiovanni, F. and Pietka, M. and Pinard, L. and Pinto, I.
            M. and Pitkin, M. and Pletsch, H. J. and Plissi, M. V. and
            Poggiani, R. and P\"old, J. and Postiglione, F. and Prato, M.
            and Predoi, V. and Price, L. R. and Prijatelj, M. and Principe,
        M. and Privitera, S. and Prix, R. and Prodi, G. A. and Prokhorov, L.
            and Puncken, O. and Punturo, M. and Puppo, P. and Quetschke, V.
            and Raab, F. J. and Rabeling, D. S. and R\'acz, I. and Radkins,
        H. and Raffai, P. and Rakhmanov, M. and Ramet, C. R. and Rankins, B.
            and Rapagnani, P. and Raymond, V. and Re, V. and Redwine, K. and
            Reed, C. M. and Reed, T. and Regimbau, T. and Reid, S. and
            Reitze, D. H. and Ricci, F. and Riesen, R. and Riles, K. and
            Robertson, N. A. and Robinet, F. and Robinson, C. and Robinson,
        E. L. and Rocchi, A. and Roddy, S. and Rodriguez, C. and Rodruck, M.
            and Rolland, L. and Rollins, J. and Romano, J. D. and Romano, R.
            and Romie, J. H. and Rosi\ifmmode \acute{n}\else \'{n}\fi{}ska,
        D. and R\"over, C. and Rowan, S. and R\"udiger, A. and Ruggi, P. and
            Ryan, K. and Ryll, H. and Sainathan, P. and Sakosky, M. and
            Salemi, F. and Samblowski, A. and Sammut, L. and Sancho de la
            Jordana, L. and Sandberg, V. and Sankar, S. and Sannibale, V.
            and Santamar\'\ia, L. and Santiago-Prieto, I. and Santostasi, G.
            and Sassolas, B. and Sathyaprakash, B. S. and Sato, S. and
            Saulson, P. R. and Savage, R. L. and Schilling, R. and
            Schlamminger, S. and Schnabel, R. and Schofield, R. M. S. and
            Schulz, B. and Schutz, B. F. and Schwinberg, P. and Scott, J.
            and Scott, S. M. and Searle, A. C. and Seifert, F. and Sellers,
        D. and Sengupta, A. S. and Sentenac, D. and Sergeev, A. and
            Shaddock, D. A. and Shaltev, M. and Shapiro, B. and Shawhan, P.
            and Shoemaker, D. H. and Sibley, A. and Siemens, X. and Sigg, D.
            and Singer, A. and Singer, L. and Sintes, A. M. and Skelton, G.
            and Slagmolen, B. J. J. and Slutsky, J. and Smith, J. R. and
            Smith, M. R. and Smith, N. D. and Smith, R. J. E. and Somiya, K.
            and Sorazu, B. and Soto, J. and Speirits, F. C. and Sperandio,
        L. and Stefszky, M. and Stein, A. J. and Steinert, E. and
            Steinlechner, J. and Steinlechner, S. and Steplewski, S. and
            Stochino, A. and Stone, R. and Strain, K. A. and Strigin, S. and
            Stroeer, A. S. and Sturani, R. and Stuver, A. L. and
            Summerscales, T. Z. and Sung, M. and Susmithan, S. and Sutton,
        P. J. and Swinkels, B. and Tacca, M. and Taffarello, L. and
            Talukder, D. and Tanner, D. B. and Tarabrin, S. P. and Taylor,
        J. R. and Taylor, R. and Thomas, P. and Thorne, K. A. and Thorne, K.
            S. and Thrane, E. and Th\"uring, A. and Titsler, C. and
            Tokmakov, K. V. and Toncelli, A. and Tonelli, M. and Torre, O.
            and Torres, C. and Torrie, C. I. and Tournefier, E. and
            Travasso, F. and Traylor, G. and Trias, M. and Tseng, K. and
            Tucker, E. and Ugolini, D. and Urbanek, K. and Vahlbruch, H. and
            Vajente, G. and Vallisneri, M. and van den Brand, J. F. J. and
            Van Den Broeck, C. and van der Putten, S. and van Veggel, A. A.
            and Vass, S. and Vasuth, M. and Vaulin, R. and Vavoulidis, M.
            and Vecchio, A. and Vedovato, G. and Veitch, J. and Veitch, P.
            J. and Veltkamp, C. and Verkindt, D. and Vetrano, F. and
            Vicer\'e, A. and Villar, A. E. and Vinet, J.-Y. and Vitale, S.
            and Vitale, S. and Vocca, H. and Vorvick, C. and Vyatchanin, S.
            P. and Wade, A. and Waldman, S. J. and Wallace, L. and Wan, Y.
            and Wang, X. and Wang, Z. and Wanner, A. and Ward, R. L. and
            Was, M. and Wei, P. and Weinert, M. and Weinstein, A. J. and
            Weiss, R. and Wen, L. and Wen, S. and Wessels, P. and West, M.
            and Westphal, T. and Wette, K. and Whelan, J. T. and Whitcomb,
        S. E. and White, D. and Whiting, B. F. and Wilkinson, C. and
            Willems, P. A. and Williams, H. R. and Williams, L. and Willke,
        B. and Winkelmann, L. and Winkler, W. and Wipf, C. C. and Wiseman,
        A. G. and Wittel, H. and Woan, G. and Wooley, R. and Worden, J. and
            Yablon, J. and Yakushin, I. and Yamamoto, H. and Yamamoto, K.
            and Yang, H. and Yeaton-Massey, D. and Yoshida, S. and Yu, P.
            and Yvert, M. and Zadro\ifmmode \acute{z}\else \'{z}\fi{}ny, A.
            and Zanolin, M. and Zendri, J.-P. and Zhang, F. and Zhang, L.
            and Zhang, W. and Zhang, Z. and Zhao, C. and Zotov, N. and
            Zucker, M. E. and Zweizig, J.},
    collaboration = {LIGO Scientific Collaboration and Virgo
        Collaboration},
    journal = {Phys. Rev. D},
    volume = {85},
    issue = {8},
    pages = {082002},
    numpages = {12},
    year = {2012},
    month = {Apr},
    doi = {10.1103/PhysRevD.85.082002},
    url =
    {http://link.aps.org/doi/10.1103/PhysRevD.85.082002},
    publisher = {American Physical Society}
}

@BOOK{2010blda.book.....G,
   author = {{Gregory}, P.},
    title = "{Bayesian Logical Data Analysis for the Physical Sciences}",
booktitle = {Bayesian Logical Data Analysis for the Physical Sciences, by Phil Gregory, Cambridge, UK: Cambridge University Press, 2010},
     year = 2010,
    month = may,
   adsurl = {http://adsabs.harvard.edu/abs/2010blda.book.....G},
  adsnote = {Provided by the SAO/NASA Astrophysics Data System}
}


@ARTICLE{2013PASP..125..306F,
   author = {{Foreman-Mackey}, D. and {Hogg}, D.~W. and {Lang}, D. and {Goodman}, J.
    },
    title = "{emcee: The MCMC Hammer}",
  journal = {\pasp},
archivePrefix = "arXiv",
   eprint = {1202.3665},
 primaryClass = "astro-ph.IM",
 keywords = {Data Analysis and Techniques},
     year = 2013,
    month = mar,
   volume = 125,
    pages = {306-312},
      doi = {10.1086/670067},
   adsurl = {http://adsabs.harvard.edu/abs/2013PASP..125..306F},
  adsnote = {Provided by the SAO/NASA Astrophysics Data System}
}

@ARTICLE{2013PhRvL.111r1101C,
   author = {{Chen}, H.-Y. and {Holz}, D.~E.},
    title = "{Gamma-Ray-Burst Beaming and Gravitational-Wave Observations}",
  journal = {Physical Review Letters},
archivePrefix = "arXiv",
   eprint = {1206.0703},
 keywords = {Gravitational waves: theory, Gravitational radiation magnetic fields and other observations, gamma-ray sources, gamma-ray bursts},
     year = 2013,
    month = nov,
   volume = 111,
   number = 18,
      eid = {181101},
    pages = {181101},
      doi = {10.1103/PhysRevLett.111.181101},
   adsurl = {http://adsabs.harvard.edu/abs/2013PhRvL.111r1101C},
  adsnote = {Provided by the SAO/NASA Astrophysics Data System}
}

@article{0004-637X-809-1-53,
  author={J. Clark and H. Evans and S. Fairhurst and I. W. Harry and E. Macdonald and D. Macleod and P. J. Sutton and A. R. Williamson},
  title={Prospects for Joint Gravitational Wave and Short Gamma-Ray Burst Observations},
  journal={The Astrophysical Journal},
  volume={809},
  number={1},
  pages={53},
  url={http://stacks.iop.org/0004-637X/809/i=1/a=53},
  year={2015},
  abstract={We present a detailed evaluation of the expected rate of joint gravitational-wave (GW) and short gamma-ray burst (GRB) observations over the coming years. We begin by evaluating the improvement in distance sensitivity of the GW search that arises from using the GRB observation to restrict the time and sky location of the source. We argue that this gives a 25% increase in sensitivity when compared to an all-sky, all-time search, corresponding to more than double the number of detectable GW signals associated with GRBs. Using this, we present the expected rate of joint observations with the advanced LIGO and Virgo instruments, taking into account the expected evolution of the GW detector network. We show that in the early advanced GW detector observing runs, from 2015 to 2017, there is only a small chance of a joint observation. However, as the detectors approach their design sensitivities, there is a good chance of joint observations, provided wide field GRB satellites, such as Fermi and the Inter planetary Network, continue operation. The rate will also depend critically upon the nature of the progenitor, with neutron star-black hole systems observable to greater distances than double neutron star systems. The relative rate of binary mergers and GRBs will depend upon the jet opening angle of GRBs. Consequently, joint observations, as well as accurate measurement of both the GRB rate and binary merger rates, will allow for an improved estimation of the opening angle of GRBs.}
}

@ARTICLE{2006MNRAS.367L..42P,
   author = {{Panaitescu}, A.},
    title = "{The energetics and environment of the short-GRB afterglows 050709 and 050724}",
  journal = {\mnras},
   eprint = {astro-ph/0511588},
 keywords = {radiation mechanisms: non-thermal, shock waves, ISM: jets and outflows, gamma-rays: bursts},
     year = 2006,
    month = mar,
   volume = 367,
    pages = {L42-L46},
      doi = {10.1111/j.1745-3933.2005.00134.x},
   adsurl = {http://adsabs.harvard.edu/abs/2006MNRAS.367L..42P},
  adsnote = {Provided by the SAO/NASA Astrophysics Data System}
}
@ARTICLE{2012A&A...538L...7N,
   author = {{Nicuesa Guelbenzu}, A. and {Klose}, S. and {Kr{\"u}hler}, T. and 
    {Greiner}, J. and {Rossi}, A. and {Kann}, D.~A. and {Olivares}, F. and 
    {Rau}, A. and {Afonso}, P.~M.~J. and {Elliott}, J. and {Filgas}, R. and 
    {K{\"u}pc{\"u} Yolda{\c s}}, A. and {McBreen}, S. and {Nardini}, M. and 
    {Schady}, P. and {Schmidl}, S. and {Sudilovsky}, V. and {Updike}, A.~C. and 
    {Yolda{\c s}}, A.},
    title = "{The late-time afterglow of the extremely energetic short burst GRB 090510 revisited}",
  journal = {\aap},
archivePrefix = "arXiv",
   eprint = {1201.3885},
 primaryClass = "astro-ph.HE",
 keywords = {gamma-ray burst: individual: GRB 090510},
     year = 2012,
    month = feb,
   volume = 538,
      eid = {L7},
    pages = {L7},
      doi = {10.1051/0004-6361/201118416},
   adsurl = {http://adsabs.harvard.edu/abs/2012A%26A...538L...7N},
  adsnote = {Provided by the SAO/NASA Astrophysics Data System}
}

@article{Tanvir:2013pia,
      author         = "Tanvir, N. R. and Levan, A. J. and Fruchter, A. S. and
                        Hjorth, J. and Wiersema, K. and others",
      title          = "{A "kilonova" associated with short-duration gamma-ray
                        burst 130603B}",
      journal        = "Nature",
      volume         = "500",
      pages          = "547-549",
      doi            = "10.1038/nature12505",
      year           = "2013",
      eprint         = "1306.4971",
      archivePrefix  = "arXiv",
      primaryClass   = "astro-ph.HE",
      SLACcitation   = "%%CITATION = ARXIV:1306.4971;%%",
}

@article{Berger:2013wna,
      author         = "Berger, E. and Fong, W. and Chornock, R.",
      title          = "{An r-process Kilonova Associated with the Short-hard
                        GRB 130603B}",
      journal        = "Astrophys. J.",
      volume         = "774",
      pages          = "L23",
      doi            = "10.1088/2041-8205/774/2/L23",
      year           = "2013",
      eprint         = "1306.3960",
      archivePrefix  = "arXiv",
      primaryClass   = "astro-ph.HE",
      SLACcitation   = "%%CITATION = ARXIV:1306.3960;%%",
}

@article{Fong:2013lba,
      author         = "Fong, W. and Berger, E. and Metzger, B. D. and Margutti,
                        R. and Chornock, R. and others",
      title          = "{Short GRB 130603B: Discovery of a Jet Break in the
                        Optical and Radio Afterglows, and a Mysterious Late-time
                        X-Ray Excess}",
      journal        = "Astrophys. J.",
      volume         = "780",
      pages          = "118",
      doi            = "10.1088/0004-637X/780/2/118",
      year           = "2014",
      eprint         = "1309.7479",
      archivePrefix  = "arXiv",
      primaryClass   = "astro-ph.HE",
      SLACcitation   = "%%CITATION = ARXIV:1309.7479;%%",
}

@article{Kouveliotou:1993yx,
      author         = "Kouveliotou, Chryssa and Meegan, Charles A. and Fishman,
                        Gerald J. and Bhyat, Narayana P. and Briggs, Michael S.
                        and others",
      title          = "{Identification of two classes of gamma-ray bursts}",
      journal        = "Astrophys. J.",
      volume         = "413",
      pages          = "L101-104",
      doi            = "10.1086/186969",
      year           = "1993",
      SLACcitation   = "%%CITATION = ASJOA,413,L101;%%",
}

@article{Eichler:1989ve,
      author         = "Eichler, David and Livio, Mario and Piran, Tsvi and
                        Schramm, David N.",
      title          = "{Nucleosynthesis, Neutrino Bursts and Gamma-Rays from
                        Coalescing Neutron Stars}",
      journal        = "Nature",
      volume         = "340",
      pages          = "126-128",
      doi            = "10.1038/340126a0",
      year           = "1989",
      reportNumber   = "FERMILAB-PUB-89-102-A",
      SLACcitation   = "%%CITATION = NATUA,340,126;%%",
}

@article{Narayan:1992iy,
      author         = "Narayan, Ramesh and Paczynski, Bohdan and Piran, Tsvi",
      title          = "{Gamma-ray bursts as the death throes of massive binary
                        stars}",
      journal        = "Astrophys. J.",
      volume         = "395",
      pages          = "L83-L86",
      doi            = "10.1086/186493",
      year           = "1992",
      eprint         = "astro-ph/9204001",
      archivePrefix  = "arXiv",
      primaryClass   = "astro-ph",
      reportNumber   = "CFA-3396",
      SLACcitation   = "%%CITATION = ASTRO-PH/9204001;%%",
}

@article{Paczynski:1991aq,
      author         = "Paczy\'{n}ski, Bohdan",
      title          = "{Cosmological gamma-ray bursts}",
      journal        = "Acta Astron.",
      volume         = "41",
      pages          = "257-267",
      year           = "1991",
      SLACcitation   = "%%CITATION = AASWA,41,257;%%",
}

@article{Lee:2007js,
      author         = "Lee, William H. and Ramirez-Ruiz, Enrico",
      title          = "{The Progenitors of Short Gamma-Ray Bursts}",
      journal        = "New J. Phys.",
      volume         = "9",
      year           = "2007",
      pages          = "17",
      doi            = "10.1088/1367-2630/9/1/017",
      eprint         = "astro-ph/0701874",
      archivePrefix  = "arXiv",
      primaryClass   = "ASTRO-PH",
      SLACcitation   = "%%CITATION = ASTRO-PH/0701874;%%"
}

@article{Woosley:2006fn,
      author         = "Woosley, S. E. and Bloom, J. S.",
      title          = "{The Supernova Gamma-Ray Burst Connection}",
      journal        = "Ann. Rev. Astron. Astrophys.",
      volume         = "44",
      year           = "2006",
      pages          = "507-556",
      doi            = "10.1146/annurev.astro.43.072103.150558",
      eprint         = "astro-ph/0609142",
      archivePrefix  = "arXiv",
      primaryClass   = "astro-ph",
      reportNumber   = "UCSC-ASTRO-2006-1",
      SLACcitation   = "%%CITATION = ASTRO-PH/0609142;%%"
}

@article{MacFadyen:1998vz,
      author         = "MacFadyen, A. and Woosley, S. E.",
      title          = "{Collapsars: Gamma-ray bursts and explosions in 'failed
                        supernovae'}",
      journal        = "Astrophys. J.",
      volume         = "524",
      year           = "1999",
      pages          = "262",
      doi            = "10.1086/307790",
      eprint         = "astro-ph/9810274",
      archivePrefix  = "arXiv",
      primaryClass   = "astro-ph",
      SLACcitation   = "%%CITATION = ASTRO-PH/9810274;%%"
}

@article{Galama:1998ea,
      author         = "Galama, T. J. and others",
      title          = "{An unusual supernova in the error box of the gamma-ray
                        burst of 25 April 1998}",
      journal        = "Nature",
      volume         = "395",
      year           = "1998",
      pages          = "670",
      doi            = "10.1038/27150",
      eprint         = "astro-ph/9806175",
      archivePrefix  = "arXiv",
      primaryClass   = "astro-ph",
      SLACcitation   = "%%CITATION = ASTRO-PH/9806175;%%"
}

@article{Blandford:1977ds,
      author         = "Blandford, R. D. and Znajek, R. L.",
      title          = "{Electromagnetic extractions of energy from Kerr black
                        holes}",
      journal        = "Mon. Not. Roy. Astron. Soc.",
      volume         = "179",
      year           = "1977",
      pages          = "433-456",
      SLACcitation   = "%%CITATION = MNRAA,179,433;%%"
}

@article{Rosswog:2002rt,
      author         = "Rosswog, Stephan and Ramirez-Ruiz, Enrico",
      title          = "{Jets, winds and bursts from coalescing neutron stars}",
      journal        = "Mon. Not. Roy. Astron. Soc.",
      volume         = "336",
      year           = "2002",
      pages          = "L7",
      doi            = "10.1046/j.1365-8711.2002.05898.x",
      eprint         = "astro-ph/0207576",
      archivePrefix  = "arXiv",
      primaryClass   = "astro-ph",
      SLACcitation   = "%%CITATION = ASTRO-PH/0207576;%%"
}

@article{Giacomazzo:2012zt,
      author         = "Giacomazzo, Bruno and Perna, Rosalba and Rezzolla,
                        Luciano and Troja, Eleonora and Lazzati, Davide",
      title          = "{Compact Binary Progenitors of Short Gamma-Ray Bursts}",
      journal        = "Astrophys. J.",
      volume         = "762",
      year           = "2013",
      pages          = "L18",
      doi            = "10.1088/2041-8205/762/2/L18",
      eprint         = "1210.8152",
      archivePrefix  = "arXiv",
      primaryClass   = "astro-ph.HE",
      SLACcitation   = "%%CITATION = ARXIV:1210.8152;%%"
}

@article{Kreidberg:2012ud,
      author         = "Kreidberg, Laura and Bailyn, Charles D. and Farr, Will M.
                        and Kalogera, Vassiliki",
      title          = "{Mass Measurements of Black Holes in X-Ray Transients: Is
                        There a Mass Gap?}",
      journal        = "Astrophys. J.",
      volume         = "757",
      year           = "2012",
      pages          = "36",
      doi            = "10.1088/0004-637X/757/1/36",
      eprint         = "1205.1805",
      archivePrefix  = "arXiv",
      primaryClass   = "astro-ph.HE",
      SLACcitation   = "%%CITATION = ARXIV:1205.1805;%%"
}

@article{Clark:2014jpa,
      author         = "Clark, J. and Evans, H. and Fairhurst, S. and Harry, I.
                        W. and Macdonald, E. and Macleod, D. and Sutton, P. J. and
                        Williamson, A. R.",
      title          = "{Prospects for joint gravitational wave and short
                        gamma-ray burst observations}",
      journal        = "Astrophys. J.",
      volume         = "809",
      year           = "2015",
      number         = "1",
      pages          = "53",
      doi            = "10.1088/0004-637X/809/1/53",
      eprint         = "1409.8149",
      archivePrefix  = "arXiv",
      primaryClass   = "astro-ph.HE",
      reportNumber   = "LIGO-P1400101",
      SLACcitation   = "%%CITATION = ARXIV:1409.8149;%%"
}

@article{Schutz:1986gp,
      author         = "Schutz, Bernard F.",
      title          = "{Determining the Hubble Constant from Gravitational Wave
                        Observations}",
      journal        = "Nature",
      volume         = "323",
      year           = "1986",
      pages          = "310-311",
      doi            = "10.1038/323310a0",
      SLACcitation   = "%%CITATION = NATUA,323,310;%%"
}

@article{Chen:2012qh,
      author         = "Chen, Hsin-Yu and Holz, Daniel E.",
      title          = "{Gamma-Ray-Burst Beaming and Gravitational-Wave
                        Observations}",
      journal        = "Phys. Rev. Lett.",
      number         = "18",
      volume         = "111",
      pages          = "181101",
      doi            = "10.1103/PhysRevLett.111.181101",
      year           = "2013",
      eprint         = "1206.0703",
      archivePrefix  = "arXiv",
      primaryClass   = "astro-ph.CO",
      SLACcitation   = "%%CITATION = ARXIV:1206.0703;%%",
}

@article{Rees:1994nw,
      author         = "Rees, M. J. and Meszaros, P.",
      title          = "{Unsteady outflow models for cosmological gamma-ray
                        bursts}",
      journal        = "Astrophys. J.",
      volume         = "430",
      pages          = "L93-L96",
      doi            = "10.1086/187446",
      year           = "1994",
      eprint         = "astro-ph/9404038",
      archivePrefix  = "arXiv",
      primaryClass   = "astro-ph",
      SLACcitation   = "%%CITATION = ASTRO-PH/9404038;%%",
}

@article{Church:2011gk,
      author         = "Church, Ross P. and Levan, Andrew J. and Davies, Melvyn
                        B. and Tanvir, Nial",
      title          = "{Implications for the origin of short gamma-ray bursts
                        from their observed positions around their host galaxies}",
      journal        = "Mon. Not. R. Astron. Soc.",
      volume         = "413",
      pages          = "2004-2014",
      year           = "2011",
      doi            = "10.1111/j.1365-2966.2011.18277.x",
      eprint         = "1101.1088",
      archivePrefix  = "arXiv",
      primaryClass   = "astro-ph.HE",
      SLACcitation   = "%%CITATION = ARXIV:1101.1088;%%",
}

@article{Fong:2013eqa,
      author         = "Fong, Wen-fai and others",
      title          = "{Demographics of the Galaxies Hosting Short-duration
                        Gamma-Ray Bursts}",
      journal        = "Astrophys. J.",
      volume         = "769",
      year           = "2013",
      pages          = "56",
      doi            = "10.1088/0004-637X/769/1/56",
      eprint         = "1302.3221",
      archivePrefix  = "arXiv",
      primaryClass   = "astro-ph.HE",
      SLACcitation   = "%%CITATION = ARXIV:1302.3221;%%"
}

@article{Zhang:2009uf,
      author         = "Zhang, Bing and others",
      title          = "{Discerning the physical origins of cosmological
                        Gamma-ray bursts based on multiple observational criteria:
                        the cases of z=6.7 GRB 080913, z=8.3 GRB 090423, and some
                        short/hard GRBs}",
      journal        = "Astrophys. J.",
      volume         = "703",
      year           = "2009",
      pages          = "1696-1724",
      doi            = "10.1088/0004-637X/703/2/1696",
      eprint         = "0902.2419",
      archivePrefix  = "arXiv",
      primaryClass   = "astro-ph.HE",
      SLACcitation   = "%%CITATION = ARXIV:0902.2419;%%"
}


